
@misc{mitchell_faith_2021,
	title = {Faith on the {Hill}},
	url = {https://www.pewresearch.org/religion/2021/01/04/faith-on-the-hill-2021/},
	abstract = {When it comes to religious affiliation, the 117th U.S. Congress looks similar to the previous Congress but quite different from Americans overall.},
	language = {en-US},
	urldate = {2023-05-01},
	author = {Mitchell, Travis},
	month = jan,
	year = {2021},
	note = {Publication Title: Pew Research Center's Religion \& Public Life Project},
}

@misc{noauthor_current_nodate,
	title = {Current {Legislative} {Activities}},
	copyright = {Text is government work},
	url = {http://www.congress.gov/},
	abstract = {U.S. Congress legislation, Congressional Record debates, Members of Congress, legislative process educational resources presented by the Library of Congress},
	language = {eng},
	urldate = {2023-05-01},
	note = {Publication Title: Congress.gov
Type: legislation},
	file = {Snapshot:/Users/naomiliftman/Zotero/storage/MZ4NCHNA/www.congress.gov.html:text/html},
}

@misc{miller_faith_2011,
	title = {Faith on the {Hill} - {The} {Religious} {Composition} of the 112th {Congress}},
	url = {https://www.pewresearch.org/religion/2011/01/05/faith-on-the-hill-the-religious-composition-of-the-112th-congress/},
	abstract = {The political overhaul of the U.S. Congress after the 2010 elections appears to have had little effect on the religious composition of the legislative body, which is similar to the religious makeup of the previous Congress and of the nation, according to an analysis by the Pew Forum.},
	language = {en-US},
	urldate = {2023-05-01},
	author = {Miller, Tracy},
	month = jan,
	year = {2011},
	note = {Publication Title: Pew Research Center's Religion \& Public Life Project},
	file = {Snapshot:/Users/naomiliftman/Zotero/storage/6J2IVRSU/faith-on-the-hill-the-religious-composition-of-the-112th-congress.html:text/html},
}

@misc{lewis_voteview_2023,
	title = {Voteview: {Congressional} {Roll}-{Call} {Votes} {Database}.},
	url = {https://voteview.com/},
	author = {Lewis, Jeffrey B. and Poole, Keith and Rosenthal, Howard and Boche, Adam and Rudkin, Aaron and Sonnet, Luke},
	year = {2023},
	note = {Publication Title: Voteview},
}

@misc{neil_working_nodate,
	title = {Working with {US} {Congress} bill sponsorship data},
	url = {https://cran.r-project.org/web/packages/incidentally/vignettes/congress.html},
	abstract = {This vignette briefly illustrates how to use the incidentally package to obtain data on bill sponsorship in US Congress, and how to use the backbone package to construct political networks from these data. For a more detailed tutorial, please see:},
	urldate = {2023-05-01},
	author = {Neil, Zachary},
}
